<record><leader>00000cas a2200000 a 4500</leader><controlfield tag="001">11774156</controlfield><controlfield tag="008">850307d18841884ksuwr ne      0   a0eng d</controlfield><datafield ind1=" " ind2=" " tag="010"><subfield code="a">sn 85029912 </subfield></datafield><datafield ind1=" " ind2=" " tag="040"><subfield code="a">KSH</subfield><subfield code="b">eng</subfield><subfield code="c">KSH</subfield><subfield code="d">NPT</subfield><subfield code="d">OCL</subfield><subfield code="d">OCLCQ</subfield></datafield><datafield ind1=" " ind2=" " tag="042"><subfield code="a">msc</subfield></datafield><datafield ind1="0" ind2="0" tag="245"><subfield code="a">Omio democratic mail.</subfield></datafield><datafield ind1=" " ind2=" " tag="260"><subfield code="a">Omio, Kan. :</subfield><subfield code="b">Jack Scott,</subfield><subfield code="c">1884.</subfield></datafield><datafield ind1=" " ind2=" " tag="300"><subfield code="a">1 v. ;</subfield><subfield code="c">50-60 cm.</subfield></datafield><datafield ind1=" " ind2=" " tag="310"><subfield code="a">Weekly</subfield></datafield><datafield ind1="0" ind2=" " tag="362"><subfield code="a">Vol. 1, no. 1 (May 17, 1884)-v. 1, no. 11 (July 26, 1884).</subfield></datafield><datafield ind1=" " ind2=" " tag="500"><subfield code="a">Motto: "We will work for home, fight for home, and if necessary, lie like blazes for home," May 17-June 14, 1884; "Equal and exact justice to all men," June 28-July 26, 1884.</subfield></datafield><datafield ind1=" " ind2=" " tag="515"><subfield code="a">Issue for July 26, 1884 and Aug. 2, 1884 issue of Omio mail both numbered v. 1, no. 11.</subfield></datafield><datafield ind1=" " ind2=" " tag="752"><subfield code="a">United States</subfield><subfield code="b">Kansas</subfield><subfield code="c">Jewell</subfield><subfield code="d">Omio.</subfield></datafield><datafield ind1="0" ind2="0" tag="785"><subfield code="t">Omio mail</subfield><subfield code="w">(DLC)sn 85029897</subfield></datafield></record>